BEGIN;

SELECT plan(4);

CREATE OR REPLACE FUNCTION test_marc_merges() RETURNS SETOF TEXT AS $func$
DECLARE
    incoming_marc TEXT;
    existing_marc TEXT;
    merge_profile_1 BIGINT;
    merge_profile_2 BIGINT;
    merge_profile_3 BIGINT;
    merge_profile_4 BIGINT;
BEGIN
    incoming_marc := $$<record    xmlns:xsi="http://www.w3.org/2001/XMLSchema-instance"    xsi:schemaLocation="http://www.loc.gov/MARC21/slim http://www.loc.gov/standards/marcxml/schema/MARC21slim.xsd"    xmlns="http://www.loc.gov/MARC21/slim">
  <leader>00531nam a2200157 a 4500</leader>
  <controlfield tag="005">20080729170300.0</controlfield>
  <controlfield tag="008">      t19981999enka              0 eng  </controlfield>
  <datafield tag="245" ind1="1" ind2="4">
    <subfield code="a">merge-example-incoming</subfield>
  </datafield>
  <datafield tag="505" ind1="1" ind2="4">
    <subfield code="a">contents-notes-incoming</subfield>
  </datafield>
  <datafield tag="856" ind1="1" ind2="4">
    <subfield code="u">https://example.org/page-incoming</subfield>
  </datafield>
</record>