$$;
    existing_marc := $$<record    xmlns:xsi="http://www.w3.org/2001/XMLSchema-instance"    xsi:schemaLocation="http://www.loc.gov/MARC21/slim http://www.loc.gov/standards/marcxml/schema/MARC21slim.xsd"    xmlns="http://www.loc.gov/MARC21/slim">
  <leader>00531nam a2200157 a 4500</leader>
  <controlfield tag="005">20080729170300.0</controlfield>
  <controlfield tag="008">      t19981999enka              0 eng  </controlfield>
  <datafield tag="245" ind1="1" ind2="4">
    <subfield code="a">merge-example-existing</subfield>
  </datafield>
  <datafield tag="505" ind1="1" ind2="4">
    <subfield code="a">contents-notes-existing</subfield>
  </datafield>
  <datafield tag="856" ind1="1" ind2="4">
    <subfield code="u">https://example.org/page-existing</subfield>
  </datafield>
</record>